<record><leader>00000cas a2200000 a 4500</leader><controlfield tag="001">31733994</controlfield><controlfield tag="008">941222c19749999azuwr ne      0    0eng d</controlfield><datafield ind1=" " ind2=" " tag="010"><subfield code="a">sn 94050541 </subfield></datafield><datafield ind1=" " ind2=" " tag="040"><subfield code="a">ANN</subfield><subfield code="b">eng</subfield><subfield code="c">ANN</subfield><subfield code="d">GUA</subfield><subfield code="d">ANN</subfield><subfield code="d">OCLCQ</subfield><subfield code="d">OCLCF</subfield><subfield code="d">OCLCO</subfield></datafield><datafield ind1="1" ind2=" " tag="029"><subfield code="a">AU@</subfield><subfield code="b">000011501081</subfield></datafield><datafield ind1=" " ind2=" " tag="042"><subfield code="a">msc</subfield></datafield><datafield ind1=" " ind2=" " tag="043"><subfield code="a">n-us-az</subfield></datafield><datafield ind1="0" ind2="0" tag="245"><subfield code="a">Tri-Valley dispatch.</subfield></datafield><datafield ind1=" " ind2=" " tag="260"><subfield code="a">Casa Grande, Ariz. :</subfield><subfield code="b">Casa Grande Valley Newspapers, Inc.</subfield></datafield><datafield ind1=" " ind2=" " tag="300"><subfield code="a">v. :</subfield><subfield code="b">ill.</subfield></datafield><datafield ind1=" " ind2=" " tag="310"><subfield code="a">Weekly</subfield></datafield><datafield ind1="0" ind2=" " tag="362"><subfield code="a">Feb. 6 and 7, [1974]-</subfield></datafield><datafield ind1=" " ind2=" " tag="580"><subfield code="a">Supplement to the Casa Grande dispatch, Coolidge examiner, Florence reminder and blade-tribune, Eloy enterprise, and, Gila Bend herald.</subfield></datafield><datafield ind1=" " ind2="0" tag="651"><subfield code="a">Gila River Valley (N.M. and Ariz.)</subfield><subfield code="v">Newspapers.</subfield></datafield><datafield ind1=" " ind2="0" tag="651"><subfield code="a">Casa Grande (Ariz.)</subfield><subfield code="v">Newspapers.</subfield></datafield><datafield ind1=" " ind2="0" tag="651"><subfield code="a">Coolidge (Ariz.)</subfield><subfield code="v">Newspapers.</subfield></datafield><datafield ind1=" " ind2="0" tag="651"><subfield code="a">Eloy (Ariz.)</subfield><subfield code="v">Newspapers.</subfield></datafield><datafield ind1=" " ind2="0" tag="651"><subfield code="a">Florence (Ariz.)</subfield><subfield code="v">Newspapers.</subfield></datafield><datafield ind1=" " ind2="4" tag="651"><subfield code="a">Gila Bend (Ariz.)</subfield><subfield code="v">Newspapers.</subfield></datafield><datafield ind1=" " ind2="7" tag="655"><subfield code="a">Newspapers.</subfield><subfield code="2">fast</subfield><subfield code="0">(OCoLC)fst01423814</subfield></datafield><datafield ind1=" " ind2="7" tag="651"><subfield code="a">Arizona</subfield><subfield code="z">Casa Grande.</subfield><subfield code="2">fast</subfield><subfield code="0">(OCoLC)fst01221741</subfield></datafield><datafield ind1=" " ind2="7" tag="651"><subfield code="a">Arizona</subfield><subfield code="z">Coolidge.</subfield><subfield code="2">fast</subfield><subfield code="0">(OCoLC)fst01216807</subfield></datafield><datafield ind1=" " ind2="7" tag="651"><subfield code="a">Arizona</subfield><subfield code="z">Eloy.</subfield><subfield code="2">fast</subfield><subfield code="0">(OCoLC)fst01216954</subfield></datafield><datafield ind1=" " ind2="7" tag="651"><subfield code="a">Arizona</subfield><subfield code="z">Florence.</subfield><subfield code="2">fast</subfield><subfield code="0">(OCoLC)fst01255234</subfield></datafield><datafield ind1=" " ind2="7" tag="651"><subfield code="a">United States</subfield><subfield code="z">Gila River Valley.</subfield><subfield code="2">fast</subfield><subfield code="0">(OCoLC)fst01311275</subfield></datafield><datafield ind1="0" ind2=" " tag="730"><subfield code="a">Casa Grande dispatch (Casa Grande, Ariz. : 1929)</subfield></datafield><datafield ind1="0" ind2=" " tag="730"><subfield code="a">Coolidge examiner.</subfield></datafield><datafield ind1="0" ind2=" " tag="730"><subfield code="a">Eloy enterprise (Eloy, Ariz. : 1967)</subfield></datafield><datafield ind1="0" ind2=" " tag="730"><subfield code="a">Gila Bend herald.</subfield></datafield><datafield ind1="0" ind2=" " tag="730"><subfield code="a">Florence reminder and blade-tribune.</subfield></datafield><datafield ind1=" " ind2=" " tag="752"><subfield code="a">United States</subfield><subfield code="b">Arizona</subfield><subfield code="c">Pinal</subfield><subfield code="d">Casa Grande.</subfield></datafield><datafield ind1="0" ind2=" " tag="772"><subfield code="t">Casa Grande dispatch (Casa Grande, Ariz. : 1929)</subfield><subfield code="g">1974</subfield><subfield code="w">(DLC)sn 87091038</subfield><subfield code="w">(OCoLC)16877473</subfield></datafield><datafield ind1="0" ind2=" " tag="772"><subfield code="t">Eloy enterprise (Eloy, Ariz. : 1967)</subfield><subfield code="g">1974</subfield><subfield code="w">(DLC)sn 94050568</subfield></datafield><datafield ind1="0" ind2=" " tag="772"><subfield code="t">Coolidge examiner</subfield><subfield code="g">1974</subfield><subfield code="w">(DLC)sn 94050542</subfield></datafield><datafield ind1="0" ind2=" " tag="772"><subfield code="t">Florence reminder and the blade-tribune</subfield><subfield code="g">1974</subfield><subfield code="w">(DLC)sn 95060505</subfield></datafield><datafield ind1="0" ind2=" " tag="772"><subfield code="t">Gila Bend herald</subfield><subfield code="g">1974</subfield><subfield code="w">(DLC)sn 95060530</subfield></datafield></record>